%% This BibTeX bibliography file was created using BibDesk.
%% https://bibdesk.sourceforge.io/

%% Created for Michael Conlen at 2025-02-05 17:27:16 -0500 


%% Saved with string encoding Unicode (UTF-8) 



@book{enderton77,
	author = {Herbert B. Enderton},
	date-added = {2025-02-05 17:27:04 -0500},
	date-modified = {2025-02-05 17:27:15 -0500},
	isbn = {0122384407},
	publisher = {Academic Press},
	title = {Elements of Set Theory},
	year = {1977}}

@book{suppes72,
	author = {Suppes, P.},
	date-added = {2025-02-05 16:51:26 -0500},
	date-modified = {2025-02-05 16:52:33 -0500},
	isbn = {9780486616308},
	lccn = {72086226},
	publisher = {Dover Publications},
	series = {Dover Books on Mathematics Series},
	title = {Axiomatic Set Theory},
	year = {1972}}
